<?xml version="1.0" encoding="UTF-8"?><collection xmlns="http://www.loc.gov/MARC21/slim"><record><leader>00516nam--2200181-u-4500</leader><controlfield tag="001">000056306</controlfield><controlfield tag="002">20161230</controlfield><controlfield tag="005">20170220004500</controlfield><controlfield tag="008">150327s1000------------r-----000-0-rus-d</controlfield><datafield ind1=" " ind2=" " tag="040"><subfield code="a">IFIN-HH</subfield></datafield><datafield ind1=" " ind2=" " tag="041"><subfield code="a">rus</subfield></datafield><datafield ind1=" " ind2=" " tag="080"><subfield code="a">53:620.9(072.2)</subfield></datafield><datafield ind1="1" ind2=" " tag="110"><subfield code="a">Balgarska Akademiia Na Naukite</subfield></datafield><datafield ind1="1" ind2="0" tag="245"><subfield code="a">Fizika i energia. Materiali ot vtori nationaleh seminar (12-14 april 1978, Sofia)</subfield></datafield><datafield ind1=" " ind2=" " tag="260"><subfield code="a">Sofia</subfield><subfield code="b">Balgarska Akademiia Na Naukite</subfield><subfield code="c">1980</subfield></datafield><datafield ind1=" " ind2=" " tag="300"><subfield code="a">499 p</subfield></datafield><datafield ind1=" " ind2=" " tag="852"><subfield code="a">48745</subfield><subfield code="c">53</subfield></datafield><datafield ind1=" " ind2=" " tag="CAT"><subfield code="a">SYS</subfield><subfield code="c">20170220</subfield><subfield code="h">004500</subfield></datafield></record></collection>